
    <zs:record>
      <zs:recordSchema/>
      <zs:recordPacking>xml</zs:recordPacking>
      <zs:recordData>
        <record xmlns="http://www.loc.gov/MARC21/slim">
          <leader>01143cam a2200277 a 4500</leader>
          <controlfield tag="001">3941596</controlfield>
          <controlfield tag="005">20080214100858.0</controlfield>
          <controlfield tag="008">930602s1993    nyuab         001 0 eng  </controlfield>
          <datafield tag="035" ind1=" " ind2=" ">
            <subfield code="9">(DLC)   93014330</subfield>
          </datafield>
          <datafield tag="906" ind1=" " ind2=" ">
            <subfield code="a">7</subfield>
            <subfield code="b">cbc</subfield>
            <subfield code="c">orignew</subfield>
            <subfield code="d">1</subfield>
            <subfield code="e">ocip</subfield>
            <subfield code="f">19</subfield>
            <subfield code="g">y-gencatlg</subfield>
          </datafield>
          <datafield tag="955" ind1=" " ind2=" ">
            <subfield code="a">pc16 to ja00 06-02-93; sf00 to HLCD 06-03-93; lj09 06-04-93; lk03 06-04-93; lk46 06-07-93;aa03 6-8-93; CIP ver. pv08 11-20-96</subfield>
          </datafield>
          <datafield tag="010" ind1=" " ind2=" ">
            <subfield code="a">   93014330 </subfield>
          </datafield>
          <datafield tag="020" ind1=" " ind2=" ">
            <subfield code="a">0312097468 (pbk.) :</subfield>
            <subfield code="c">$18.95</subfield>
          </datafield>
          <datafield tag="040" ind1=" " ind2=" ">
            <subfield code="a">DLC</subfield>
            <subfield code="c">DLC</subfield>
            <subfield code="d">DLC</subfield>
          </datafield>
          <datafield tag="050" ind1="0" ind2="0">
            <subfield code="a">CB311</subfield>
            <subfield code="b">.H35 1993</subfield>
          </datafield>
          <datafield tag="082" ind1="0" ind2="0">
            <subfield code="a">930</subfield>
            <subfield code="2">20</subfield>
          </datafield>
          <datafield tag="100" ind1="1" ind2=" ">
            <subfield code="a">Hawkes, Jacquetta,</subfield>
            <subfield code="d">1910-1996.</subfield>
          </datafield>
          <datafield tag="245" ind1="1" ind2="4">
            <subfield code="a">The atlas of early man /</subfield>
            <subfield code="c">Jacquetta Hawkes ; assisted by David Trump.</subfield>
          </datafield>
          <datafield tag="260" ind1=" " ind2=" ">
            <subfield code="a">New York :</subfield>
            <subfield code="b">St. Martin's Press,</subfield>
            <subfield code="c">1993.</subfield>
          </datafield>
          <datafield tag="300" ind1=" " ind2=" ">
            <subfield code="a">255 p. :</subfield>
            <subfield code="b">ill. (some col.), col. maps ;</subfield>
            <subfield code="c">28 cm.</subfield>
          </datafield>
          <datafield tag="500" ind1=" " ind2=" ">
            <subfield code="a">Includes index.</subfield>
          </datafield>
          <datafield tag="650" ind1=" " ind2="0">
            <subfield code="a">Civilization, Ancient.</subfield>
          </datafield>
          <datafield tag="650" ind1=" " ind2="0">
            <subfield code="a">Prehistoric peoples.</subfield>
          </datafield>
          <datafield tag="856" ind1="4" ind2="2">
            <subfield code="3">Contributor biographical information</subfield>
            <subfield code="u">http://www.loc.gov/catdir/bios/hol055/93014330.html</subfield>
          </datafield>
          <datafield tag="856" ind1="4" ind2="2">
            <subfield code="3">Publisher description</subfield>
            <subfield code="u">http://www.loc.gov/catdir/description/hol054/93014330.html</subfield>
          </datafield>
          <datafield tag="991" ind1=" " ind2=" ">
            <subfield code="b">c-GenColl</subfield>
            <subfield code="h">CB311</subfield>
            <subfield code="i">.H35 1993</subfield>
            <subfield code="t">Copy 1</subfield>
            <subfield code="w">BOOKS</subfield>
          </datafield>
        </record>
      </zs:recordData>
      <zs:recordPosition>4</zs:recordPosition>
    </zs:record>